@INPROCEEDINGS{imagenet,
author={J. {Deng} and W. {Dong} and R. {Socher} and L. {Li} and {Kai Li} and {Li Fei-Fei}},
booktitle={2009 IEEE Conference on Computer Vision and Pattern Recognition},
title={ImageNet: A large-scale hierarchical image database},
year={2009},
volume={},
number={},
pages={248-255},
keywords={computer vision;image resolution;image retrieval;Internet;multimedia computing;ontologies (artificial intelligence);trees (mathematics);very large databases;visual databases;ImageNet database;large-scale hierarchical image database;Internet;image retrieval;multimedia data;large-scale ontology;wordNet structure;image resolution;subtree;computer vision;Large-scale systems;Image databases;Explosions;Internet;Robustness;Information retrieval;Image retrieval;Multimedia databases;Ontologies;Spine},
doi={10.1109/CVPR.2009.5206848},
ISSN={1063-6919},
month={June},}

@article{cnn1,
 author = {Krizhevsky, Alex and Sutskever, Ilya and Hinton, Geoffrey E.},
 title = {ImageNet Classification with Deep Convolutional Neural Networks},
 year = {2017},
 issue_date = {May 2017},
 publisher = {Association for Computing Machinery},
 address = {New York, NY, USA},
 volume = {60},
 number = {6},
 issn = {0001-0782},
 url = {https://doi.org/10.1145/3065386},
 doi = {10.1145/3065386},
 journal = {Commun. ACM},
 month = may,
 pages = {84–90},
 numpages = {7}
}

@misc{vgg,
    title={Very Deep Convolutional Networks for Large-Scale Image Recognition},
    author={Karen Simonyan and Andrew Zisserman},
    year={2014},
    eprint={1409.1556},
    archivePrefix={arXiv},
    primaryClass={cs.CV}
}

@MISC{vgg19img,
    author = {Park Chansung},
    title = {Transfer Learning in Tensorflow (VGG19 on CIFAR-10): Part 1},
    year = {2018},
    note = {[Online; accessed Jan 5, 2020]},
    url = {https://towardsdatascience.com/transfer-learning-in-tensorflow-9e4f7eae3bb4}
}

@INPROCEEDINGS{nstyletransfer,
author={L. A. {Gatys} and A. S. {Ecker} and M. {Bethge}},
booktitle={2016 IEEE Conference on Computer Vision and Pattern Recognition (CVPR)},
title={Image Style Transfer Using Convolutional Neural Networks},
year={2016},
volume={},
number={},
pages={2414-2423},
keywords={image representation;neural nets;object recognition;rendering (computer graphics);image style transfer;convolutional neural networks;rendering;semantic content;image processing;image representations;semantic information;object recognition;neural algorithm;artistic style;image content;arbitrary photograph;high level image synthesis;Image reconstruction;Neural networks;Image representation;Semantics;Neuroscience;Feature extraction;Visualization},
doi={10.1109/CVPR.2016.265},
ISSN={1063-6919},
month={June},}

@article{visualcnn,
author = {Erhan, Dumitru and Bengio, Y. and Courville, Aaron and Vincent, Pascal},
year = {2009},
month = {01},
pages = {},
title = {Visualizing Higher-Layer Features of a Deep Network},
journal = {Technical Report, Univeristé de Montréal}
}

@inproceedings{LDA,
author = {Blei, David and Ng, Andrew and Jordan, Michael},
year = {2001},
month = {01},
pages = {601-608},
title = {Latent Dirichlet Allocation},
volume = {3},
journal = {The Journal of Machine Learning Research}
}

@inproceedings{ToT,
author = {Wang, Xuerui and Mccallum, Andrew},
year = {2006},
month = {01},
pages = {424-433},
title = {Topics over Time: A Non-Markov Continuous-Time Model of Topical Trends},
volume = {2006},
journal = {Proceedings of the ACM SIGKDD International Conference on Knowledge Discovery and Data Mining}
}